@inproceedings{peiFisheyeStateRouting2000,
  title = {Fisheye State Routing: A Routing Scheme for Ad Hoc Wireless Networks},
  shorttitle = {Fisheye State Routing},
  booktitle = {2000 {{IEEE International Conference}} on {{Communications}}. {{ICC}} 2000. {{Global Convergence Through Communications}}. {{Conference Record}}},
  author = {Pei, Guangyu and Gerla, M. and Chen, Tsu-Wei},
  date = {2000-06},
  volume = {1},
  pages = {70-74 vol.1},
  doi = {10.1109/ICC.2000.853066},
  eventtitle = {2000 {{IEEE International Conference}} on {{Communications}}. {{ICC}} 2000. {{Global Convergence Through Communications}}. {{Conference Record}}},
  keywords = {Ad hoc networks,Bandwidth,Computer science,Contracts,Convergence,Floods,Network topology,Routing protocols,Telecommunication traffic,Wireless networks},   file = {/home/eldeebm/Zotero/storage/LD7HMNT7/Pei et al. - 2000 - Fisheye state routing a routing scheme for ad hoc wireless networks.pdf}
}

@software{eldeebInetFsr,
    title = {inet-fsr},
    author = {Eldeeb, Mohamed},
    url = {https://github.com/mosamadeeb/inet-fsr}
}

@software{omnetpp,
    title = {OMNeT++ Discrete Event Simulator},
    url = {https://omnetpp.org/}
}

@misc{WirelessTutorialINET,
  title = {Wireless {{Tutorial}} â€” {{INET}} Documentation},
  url = {https://inet.omnetpp.org/docs/tutorials/wireless/doc/}
}
